%YAML 1.1
%TAG !u! tag:unity3d.com,2011:
--- !u!241 &24100000
AudioMixerController:
  m_ObjectHideFlags: 0
  m_PrefabParentObject: {fileID: 0}
  m_PrefabInternal: {fileID: 0}
  m_Name: Master
  m_OutputGroup: {fileID: 0}
  m_MasterGroup: {fileID: 24300002}
  m_Snapshots:
  - {fileID: 24500006}
  m_StartSnapshot: {fileID: 24500006}
  m_SuspendThreshold: -80
  m_EnableSuspend: 1
  m_UpdateMode: 0
  m_ExposedParameters: []
  m_AudioMixerGroupViews:
  - guids:
    - 3a01a47d77c22ea47b8a5831af956775
    - d45f4907e7f2a144783bd225c42d295e
    - 253e48b64eb033a4b8f8eb439c72f129
    - eaea8c5bf9ef3104b9a02f15f9ea6170
    name: View
  m_CurrentViewIndex: 0
  m_TargetSnapshot: {fileID: 24500006}
--- !u!243 &24300002
AudioMixerGroupController:
  m_ObjectHideFlags: 0
  m_PrefabParentObject: {fileID: 0}
  m_PrefabInternal: {fileID: 0}
  m_Name: Master
  m_AudioMixer: {fileID: 24100000}
  m_GroupID: 3a01a47d77c22ea47b8a5831af956775
  m_Children:
  - {fileID: 243114462767655998}
  - {fileID: 243882869145243564}
  - {fileID: 243856041303077854}
  m_Volume: 590909cccb0e3144081bdfa7c42aaba7
  m_Pitch: 54f983873bde01940acda0c88facdc4d
  m_Effects:
  - {fileID: 24400004}
  m_UserColorIndex: 0
  m_Mute: 0
  m_Solo: 0
  m_BypassEffects: 0
--- !u!244 &24400004
AudioMixerEffectController:
  m_ObjectHideFlags: 3
  m_PrefabParentObject: {fileID: 0}
  m_PrefabInternal: {fileID: 0}
  m_Name: 
  m_EffectID: ee143b4edc96672418ab26e97061a05e
  m_EffectName: Attenuation
  m_MixLevel: 3e344fed866c84d44b932aa6eae10813
  m_Parameters: []
  m_SendTarget: {fileID: 0}
  m_EnableWetMix: 0
  m_Bypass: 0
--- !u!245 &24500006
AudioMixerSnapshotController:
  m_ObjectHideFlags: 0
  m_PrefabParentObject: {fileID: 0}
  m_PrefabInternal: {fileID: 0}
  m_Name: Snapshot
  m_AudioMixer: {fileID: 24100000}
  m_SnapshotID: ebce035f43be2ba4c820cb24f1c7108e
  m_FloatValues:
    ea35326a0bad6894d8fbdc2f0d31d8d6: -6.664151
    590909cccb0e3144081bdfa7c42aaba7: 0.025578512
  m_TransitionOverrides: {}
--- !u!243 &243114462767655998
AudioMixerGroupController:
  m_ObjectHideFlags: 0
  m_PrefabParentObject: {fileID: 0}
  m_PrefabInternal: {fileID: 0}
  m_Name: Music
  m_AudioMixer: {fileID: 24100000}
  m_GroupID: d45f4907e7f2a144783bd225c42d295e
  m_Children: []
  m_Volume: ea35326a0bad6894d8fbdc2f0d31d8d6
  m_Pitch: 223dabd0ce57ceb46ae0fb686a474972
  m_Effects:
  - {fileID: 244682082906899874}
  m_UserColorIndex: 0
  m_Mute: 0
  m_Solo: 0
  m_BypassEffects: 0
--- !u!243 &243856041303077854
AudioMixerGroupController:
  m_ObjectHideFlags: 0
  m_PrefabParentObject: {fileID: 0}
  m_PrefabInternal: {fileID: 0}
  m_Name: UI
  m_AudioMixer: {fileID: 24100000}
  m_GroupID: eaea8c5bf9ef3104b9a02f15f9ea6170
  m_Children: []
  m_Volume: 1bb681948d78ca7409c026876b6a2bc0
  m_Pitch: 36fb3f2a69a6e5642affe61fe98bdd42
  m_Effects:
  - {fileID: 244910086697491544}
  m_UserColorIndex: 0
  m_Mute: 0
  m_Solo: 0
  m_BypassEffects: 0
--- !u!243 &243882869145243564
AudioMixerGroupController:
  m_ObjectHideFlags: 0
  m_PrefabParentObject: {fileID: 0}
  m_PrefabInternal: {fileID: 0}
  m_Name: SFX
  m_AudioMixer: {fileID: 24100000}
  m_GroupID: 253e48b64eb033a4b8f8eb439c72f129
  m_Children: []
  m_Volume: a618f9961cbafdb459c866c883dedc7b
  m_Pitch: eba5bafc529867c40bec363dbcafed79
  m_Effects:
  - {fileID: 244333305105925838}
  m_UserColorIndex: 0
  m_Mute: 0
  m_Solo: 0
  m_BypassEffects: 0
--- !u!244 &244333305105925838
AudioMixerEffectController:
  m_ObjectHideFlags: 3
  m_PrefabParentObject: {fileID: 0}
  m_PrefabInternal: {fileID: 0}
  m_Name: 
  m_EffectID: 6ccb4f16505c38044b79f49884048449
  m_EffectName: Attenuation
  m_MixLevel: df05c14b175a6fa448cc0f33a68c0a54
  m_Parameters: []
  m_SendTarget: {fileID: 0}
  m_EnableWetMix: 0
  m_Bypass: 0
--- !u!244 &244682082906899874
AudioMixerEffectController:
  m_ObjectHideFlags: 3
  m_PrefabParentObject: {fileID: 0}
  m_PrefabInternal: {fileID: 0}
  m_Name: 
  m_EffectID: e701c715dad224449b32d7c05189088b
  m_EffectName: Attenuation
  m_MixLevel: 66bc8361e6ae7874b8fad8dac4c155ed
  m_Parameters: []
  m_SendTarget: {fileID: 0}
  m_EnableWetMix: 0
  m_Bypass: 0
--- !u!244 &244910086697491544
AudioMixerEffectController:
  m_ObjectHideFlags: 3
  m_PrefabParentObject: {fileID: 0}
  m_PrefabInternal: {fileID: 0}
  m_Name: 
  m_EffectID: 30997fa8ce83dbc469e21598dacd7ddc
  m_EffectName: Attenuation
  m_MixLevel: 83f365224de68e04ab5e9b0966d6941b
  m_Parameters: []
  m_SendTarget: {fileID: 0}
  m_EnableWetMix: 0
  m_Bypass: 0
